%YAML 1.1
%TAG !u! tag:unity3d.com,2011:
--- !u!29 &1
OcclusionCullingSettings:
  m_ObjectHideFlags: 0
  serializedVersion: 2
  m_OcclusionBakeSettings:
    smallestOccluder: 5
    smallestHole: 0.25
    backfaceThreshold: 100
  m_SceneGUID: 00000000000000000000000000000000
  m_OcclusionCullingData: {fileID: 0}
--- !u!104 &2
RenderSettings:
  m_ObjectHideFlags: 0
  serializedVersion: 9
  m_Fog: 0
  m_FogColor: {r: 0.5, g: 0.5, b: 0.5, a: 1}
  m_FogMode: 3
  m_FogDensity: 0.01
  m_LinearFogStart: 0
  m_LinearFogEnd: 300
  m_AmbientSkyColor: {r: 0.212, g: 0.227, b: 0.259, a: 1}
  m_AmbientEquatorColor: {r: 0.114, g: 0.125, b: 0.133, a: 1}
  m_AmbientGroundColor: {r: 0.047, g: 0.043, b: 0.035, a: 1}
  m_AmbientIntensity: 1
  m_AmbientMode: 0
  m_SubtractiveShadowColor: {r: 0.42, g: 0.478, b: 0.627, a: 1}
  m_SkyboxMaterial: {fileID: 0}
  m_HaloStrength: 0.5
  m_FlareStrength: 1
  m_FlareFadeSpeed: 3
  m_HaloTexture: {fileID: 0}
  m_SpotCookie: {fileID: 10001, guid: 0000000000000000e000000000000000, type: 0}
  m_DefaultReflectionMode: 0
  m_DefaultReflectionResolution: 128
  m_ReflectionBounces: 1
  m_ReflectionIntensity: 1
  m_CustomReflection: {fileID: 0}
  m_Sun: {fileID: 0}
  m_IndirectSpecularColor: {r: 0, g: 0, b: 0, a: 1}
  m_UseRadianceAmbientProbe: 0
--- !u!157 &3
LightmapSettings:
  m_ObjectHideFlags: 0
  serializedVersion: 11
  m_GIWorkflowMode: 1
  m_GISettings:
    serializedVersion: 2
    m_BounceScale: 1
    m_IndirectOutputScale: 1
    m_AlbedoBoost: 1
    m_EnvironmentLightingMode: 0
    m_EnableBakedLightmaps: 1
    m_EnableRealtimeLightmaps: 1
  m_LightmapEditorSettings:
    serializedVersion: 12
    m_Resolution: 2
    m_BakeResolution: 40
    m_AtlasSize: 1024
    m_AO: 0
    m_AOMaxDistance: 1
    m_CompAOExponent: 1
    m_CompAOExponentDirect: 0
    m_ExtractAmbientOcclusion: 0
    m_Padding: 2
    m_LightmapParameters: {fileID: 0}
    m_LightmapsBakeMode: 1
    m_TextureCompression: 1
    m_FinalGather: 0
    m_FinalGatherFiltering: 1
    m_FinalGatherRayCount: 256
    m_ReflectionCompression: 2
    m_MixedBakeMode: 2
    m_BakeBackend: 1
    m_PVRSampling: 1
    m_PVRDirectSampleCount: 32
    m_PVRSampleCount: 512
    m_PVRBounces: 2
    m_PVREnvironmentSampleCount: 256
    m_PVREnvironmentReferencePointCount: 2048
    m_PVRFilteringMode: 1
    m_PVRDenoiserTypeDirect: 1
    m_PVRDenoiserTypeIndirect: 1
    m_PVRDenoiserTypeAO: 1
    m_PVRFilterTypeDirect: 0
    m_PVRFilterTypeIndirect: 0
    m_PVRFilterTypeAO: 0
    m_PVREnvironmentMIS: 1
    m_PVRCulling: 1
    m_PVRFilteringGaussRadiusDirect: 1
    m_PVRFilteringGaussRadiusIndirect: 5
    m_PVRFilteringGaussRadiusAO: 2
    m_PVRFilteringAtrousPositionSigmaDirect: 0.5
    m_PVRFilteringAtrousPositionSigmaIndirect: 2
    m_PVRFilteringAtrousPositionSigmaAO: 1
    m_ExportTrainingData: 0
    m_TrainingDataDestination: TrainingData
  m_LightingDataAsset: {fileID: 0}
  m_UseShadowmask: 1
--- !u!196 &4
NavMeshSettings:
  serializedVersion: 2
  m_ObjectHideFlags: 0
  m_BuildSettings:
    serializedVersion: 2
    agentTypeID: 0
    agentRadius: 0.5
    agentHeight: 2
    agentSlope: 45
    agentClimb: 0.4
    ledgeDropHeight: 0
    maxJumpAcrossDistance: 0
    minRegionArea: 2
    manualCellSize: 0
    cellSize: 0.16666667
    manualTileSize: 0
    tileSize: 256
    accuratePlacement: 0
    debug:
      m_Flags: 0
  m_NavMeshData: {fileID: 0}
--- !u!1 &44414339
GameObject:
  m_ObjectHideFlags: 0
  m_CorrespondingSourceObject: {fileID: 0}
  m_PrefabInstance: {fileID: 0}
  m_PrefabAsset: {fileID: 0}
  serializedVersion: 6
  m_Component:
  - component: {fileID: 44414340}
  m_Layer: 0
  m_Name: Vegetation_Buttons
  m_TagString: Untagged
  m_Icon: {fileID: 0}
  m_NavMeshLayer: 0
  m_StaticEditorFlags: 0
  m_IsActive: 0
--- !u!4 &44414340
Transform:
  m_ObjectHideFlags: 0
  m_CorrespondingSourceObject: {fileID: 0}
  m_PrefabInstance: {fileID: 0}
  m_PrefabAsset: {fileID: 0}
  m_GameObject: {fileID: 44414339}
  m_LocalRotation: {x: 0, y: 0, z: 0, w: 1}
  m_LocalPosition: {x: 0, y: 0, z: 0}
  m_LocalScale: {x: 1, y: 1, z: 1}
  m_Children:
  - {fileID: 1145384978}
  - {fileID: 225153855}
  - {fileID: 61313330}
  - {fileID: 141533543}
  - {fileID: 527559017}
  - {fileID: 806122626}
  m_Father: {fileID: 0}
  m_RootOrder: 2
  m_LocalEulerAnglesHint: {x: 0, y: 0, z: 0}
--- !u!1001 &61313329
PrefabInstance:
  m_ObjectHideFlags: 0
  serializedVersion: 2
  m_Modification:
    m_TransformParent: {fileID: 44414340}
    m_Modifications:
    - target: {fileID: 4350804314312585045, guid: 51a7b0f8a8603764b8f37a0559fcf4a0,
        type: 3}
      propertyPath: m_LocalPosition.x
      value: -10
      objectReference: {fileID: 0}
    - target: {fileID: 4350804314312585045, guid: 51a7b0f8a8603764b8f37a0559fcf4a0,
        type: 3}
      propertyPath: m_LocalPosition.y
      value: 0
      objectReference: {fileID: 0}
    - target: {fileID: 4350804314312585045, guid: 51a7b0f8a8603764b8f37a0559fcf4a0,
        type: 3}
      propertyPath: m_LocalPosition.z
      value: 0
      objectReference: {fileID: 0}
    - target: {fileID: 4350804314312585045, guid: 51a7b0f8a8603764b8f37a0559fcf4a0,
        type: 3}
      propertyPath: m_LocalRotation.x
      value: 0
      objectReference: {fileID: 0}
    - target: {fileID: 4350804314312585045, guid: 51a7b0f8a8603764b8f37a0559fcf4a0,
        type: 3}
      propertyPath: m_LocalRotation.y
      value: 0
      objectReference: {fileID: 0}
    - target: {fileID: 4350804314312585045, guid: 51a7b0f8a8603764b8f37a0559fcf4a0,
        type: 3}
      propertyPath: m_LocalRotation.z
      value: 0
      objectReference: {fileID: 0}
    - target: {fileID: 4350804314312585045, guid: 51a7b0f8a8603764b8f37a0559fcf4a0,
        type: 3}
      propertyPath: m_LocalRotation.w
      value: 1
      objectReference: {fileID: 0}
    - target: {fileID: 4350804314312585045, guid: 51a7b0f8a8603764b8f37a0559fcf4a0,
        type: 3}
      propertyPath: m_RootOrder
      value: 2
      objectReference: {fileID: 0}
    - target: {fileID: 4350804314312585045, guid: 51a7b0f8a8603764b8f37a0559fcf4a0,
        type: 3}
      propertyPath: m_LocalEulerAnglesHint.x
      value: 0
      objectReference: {fileID: 0}
    - target: {fileID: 4350804314312585045, guid: 51a7b0f8a8603764b8f37a0559fcf4a0,
        type: 3}
      propertyPath: m_LocalEulerAnglesHint.y
      value: 0
      objectReference: {fileID: 0}
    - target: {fileID: 4350804314312585045, guid: 51a7b0f8a8603764b8f37a0559fcf4a0,
        type: 3}
      propertyPath: m_LocalEulerAnglesHint.z
      value: 0
      objectReference: {fileID: 0}
    - target: {fileID: 5088949381301187820, guid: 51a7b0f8a8603764b8f37a0559fcf4a0,
        type: 3}
      propertyPath: m_Name
      value: Mushroom
      objectReference: {fileID: 0}
    m_RemovedComponents: []
  m_SourcePrefab: {fileID: 100100000, guid: 51a7b0f8a8603764b8f37a0559fcf4a0, type: 3}
--- !u!4 &61313330 stripped
Transform:
  m_CorrespondingSourceObject: {fileID: 4350804314312585045, guid: 51a7b0f8a8603764b8f37a0559fcf4a0,
    type: 3}
  m_PrefabInstance: {fileID: 61313329}
  m_PrefabAsset: {fileID: 0}
--- !u!1001 &141533542
PrefabInstance:
  m_ObjectHideFlags: 0
  serializedVersion: 2
  m_Modification:
    m_TransformParent: {fileID: 44414340}
    m_Modifications:
    - target: {fileID: 7118111269480049431, guid: a2ed1a0302795594d8ad85ca881aa791,
        type: 3}
      propertyPath: m_Name
      value: Flower_Thin
      objectReference: {fileID: 0}
    - target: {fileID: 7633107156909559059, guid: a2ed1a0302795594d8ad85ca881aa791,
        type: 3}
      propertyPath: m_LocalPosition.x
      value: 0
      objectReference: {fileID: 0}
    - target: {fileID: 7633107156909559059, guid: a2ed1a0302795594d8ad85ca881aa791,
        type: 3}
      propertyPath: m_LocalPosition.y
      value: 0
      objectReference: {fileID: 0}
    - target: {fileID: 7633107156909559059, guid: a2ed1a0302795594d8ad85ca881aa791,
        type: 3}
      propertyPath: m_LocalPosition.z
      value: 0
      objectReference: {fileID: 0}
    - target: {fileID: 7633107156909559059, guid: a2ed1a0302795594d8ad85ca881aa791,
        type: 3}
      propertyPath: m_LocalRotation.x
      value: -0
      objectReference: {fileID: 0}
    - target: {fileID: 7633107156909559059, guid: a2ed1a0302795594d8ad85ca881aa791,
        type: 3}
      propertyPath: m_LocalRotation.y
      value: -0
      objectReference: {fileID: 0}
    - target: {fileID: 7633107156909559059, guid: a2ed1a0302795594d8ad85ca881aa791,
        type: 3}
      propertyPath: m_LocalRotation.z
      value: -0
      objectReference: {fileID: 0}
    - target: {fileID: 7633107156909559059, guid: a2ed1a0302795594d8ad85ca881aa791,
        type: 3}
      propertyPath: m_LocalRotation.w
      value: 1
      objectReference: {fileID: 0}
    - target: {fileID: 7633107156909559059, guid: a2ed1a0302795594d8ad85ca881aa791,
        type: 3}
      propertyPath: m_RootOrder
      value: 3
      objectReference: {fileID: 0}
    - target: {fileID: 7633107156909559059, guid: a2ed1a0302795594d8ad85ca881aa791,
        type: 3}
      propertyPath: m_LocalEulerAnglesHint.x
      value: 0
      objectReference: {fileID: 0}
    - target: {fileID: 7633107156909559059, guid: a2ed1a0302795594d8ad85ca881aa791,
        type: 3}
      propertyPath: m_LocalEulerAnglesHint.y
      value: 0
      objectReference: {fileID: 0}
    - target: {fileID: 7633107156909559059, guid: a2ed1a0302795594d8ad85ca881aa791,
        type: 3}
      propertyPath: m_LocalEulerAnglesHint.z
      value: 0
      objectReference: {fileID: 0}
    m_RemovedComponents: []
  m_SourcePrefab: {fileID: 100100000, guid: a2ed1a0302795594d8ad85ca881aa791, type: 3}
--- !u!4 &141533543 stripped
Transform:
  m_CorrespondingSourceObject: {fileID: 7633107156909559059, guid: a2ed1a0302795594d8ad85ca881aa791,
    type: 3}
  m_PrefabInstance: {fileID: 141533542}
  m_PrefabAsset: {fileID: 0}
--- !u!1001 &225153854
PrefabInstance:
  m_ObjectHideFlags: 0
  serializedVersion: 2
  m_Modification:
    m_TransformParent: {fileID: 44414340}
    m_Modifications:
    - target: {fileID: 3845275396279258473, guid: 1270fb143c35004408d4f5d81847b87a,
        type: 3}
      propertyPath: m_Name
      value: One_Leaf
      objectReference: {fileID: 0}
    - target: {fileID: 5584441483793363124, guid: 1270fb143c35004408d4f5d81847b87a,
        type: 3}
      propertyPath: m_LocalPosition.x
      value: -15
      objectReference: {fileID: 0}
    - target: {fileID: 5584441483793363124, guid: 1270fb143c35004408d4f5d81847b87a,
        type: 3}
      propertyPath: m_LocalPosition.y
      value: 0
      objectReference: {fileID: 0}
    - target: {fileID: 5584441483793363124, guid: 1270fb143c35004408d4f5d81847b87a,
        type: 3}
      propertyPath: m_LocalPosition.z
      value: 0
      objectReference: {fileID: 0}
    - target: {fileID: 5584441483793363124, guid: 1270fb143c35004408d4f5d81847b87a,
        type: 3}
      propertyPath: m_LocalRotation.x
      value: -0
      objectReference: {fileID: 0}
    - target: {fileID: 5584441483793363124, guid: 1270fb143c35004408d4f5d81847b87a,
        type: 3}
      propertyPath: m_LocalRotation.y
      value: -0
      objectReference: {fileID: 0}
    - target: {fileID: 5584441483793363124, guid: 1270fb143c35004408d4f5d81847b87a,
        type: 3}
      propertyPath: m_LocalRotation.z
      value: -0
      objectReference: {fileID: 0}
    - target: {fileID: 5584441483793363124, guid: 1270fb143c35004408d4f5d81847b87a,
        type: 3}
      propertyPath: m_LocalRotation.w
      value: 1
      objectReference: {fileID: 0}
    - target: {fileID: 5584441483793363124, guid: 1270fb143c35004408d4f5d81847b87a,
        type: 3}
      propertyPath: m_RootOrder
      value: 1
      objectReference: {fileID: 0}
    - target: {fileID: 5584441483793363124, guid: 1270fb143c35004408d4f5d81847b87a,
        type: 3}
      propertyPath: m_LocalEulerAnglesHint.x
      value: 0
      objectReference: {fileID: 0}
    - target: {fileID: 5584441483793363124, guid: 1270fb143c35004408d4f5d81847b87a,
        type: 3}
      propertyPath: m_LocalEulerAnglesHint.y
      value: 0
      objectReference: {fileID: 0}
    - target: {fileID: 5584441483793363124, guid: 1270fb143c35004408d4f5d81847b87a,
        type: 3}
      propertyPath: m_LocalEulerAnglesHint.z
      value: 0
      objectReference: {fileID: 0}
    m_RemovedComponents: []
  m_SourcePrefab: {fileID: 100100000, guid: 1270fb143c35004408d4f5d81847b87a, type: 3}
--- !u!4 &225153855 stripped
Transform:
  m_CorrespondingSourceObject: {fileID: 5584441483793363124, guid: 1270fb143c35004408d4f5d81847b87a,
    type: 3}
  m_PrefabInstance: {fileID: 225153854}
  m_PrefabAsset: {fileID: 0}
--- !u!1 &339535085
GameObject:
  m_ObjectHideFlags: 0
  m_CorrespondingSourceObject: {fileID: 0}
  m_PrefabInstance: {fileID: 0}
  m_PrefabAsset: {fileID: 0}
  serializedVersion: 6
  m_Component:
  - component: {fileID: 339535088}
  - component: {fileID: 339535087}
  - component: {fileID: 339535086}
  m_Layer: 0
  m_Name: Main Camera
  m_TagString: MainCamera
  m_Icon: {fileID: 0}
  m_NavMeshLayer: 0
  m_StaticEditorFlags: 0
  m_IsActive: 1
--- !u!81 &339535086
AudioListener:
  m_ObjectHideFlags: 0
  m_CorrespondingSourceObject: {fileID: 0}
  m_PrefabInstance: {fileID: 0}
  m_PrefabAsset: {fileID: 0}
  m_GameObject: {fileID: 339535085}
  m_Enabled: 1
--- !u!20 &339535087
Camera:
  m_ObjectHideFlags: 0
  m_CorrespondingSourceObject: {fileID: 0}
  m_PrefabInstance: {fileID: 0}
  m_PrefabAsset: {fileID: 0}
  m_GameObject: {fileID: 339535085}
  m_Enabled: 1
  serializedVersion: 2
  m_ClearFlags: 1
  m_BackGroundColor: {r: 0.19215687, g: 0.3019608, b: 0.4745098, a: 0}
  m_projectionMatrixMode: 1
  m_GateFitMode: 2
  m_FOVAxisMode: 0
  m_SensorSize: {x: 36, y: 24}
  m_LensShift: {x: 0, y: 0}
  m_FocalLength: 50
  m_NormalizedViewPortRect:
    serializedVersion: 2
    x: 0
    y: 0
    width: 1
    height: 1
  near clip plane: 0.3
  far clip plane: 1000
  field of view: 60
  orthographic: 0
  orthographic size: 5
  m_Depth: -1
  m_CullingMask:
    serializedVersion: 2
    m_Bits: 4294967295
  m_RenderingPath: -1
  m_TargetTexture: {fileID: 0}
  m_TargetDisplay: 0
  m_TargetEye: 3
  m_HDR: 0
  m_AllowMSAA: 0
  m_AllowDynamicResolution: 0
  m_ForceIntoRT: 0
  m_OcclusionCulling: 1
  m_StereoConvergence: 10
  m_StereoSeparation: 0.022
--- !u!4 &339535088
Transform:
  m_ObjectHideFlags: 0
  m_CorrespondingSourceObject: {fileID: 0}
  m_PrefabInstance: {fileID: 0}
  m_PrefabAsset: {fileID: 0}
  m_GameObject: {fileID: 339535085}
  m_LocalRotation: {x: 0, y: 0, z: 0, w: 1}
  m_LocalPosition: {x: 6.81, y: 4.17, z: -18.11}
  m_LocalScale: {x: 1, y: 1, z: 1}
  m_Children: []
  m_Father: {fileID: 0}
  m_RootOrder: 0
  m_LocalEulerAnglesHint: {x: 0, y: 0, z: 0}
--- !u!1001 &407809985
PrefabInstance:
  m_ObjectHideFlags: 0
  serializedVersion: 2
  m_Modification:
    m_TransformParent: {fileID: 1420358389}
    m_Modifications:
    - target: {fileID: 1813615781843841447, guid: cf6143f9e3ba9234dad8500f9f67eb00,
        type: 3}
      propertyPath: m_LocalPosition.x
      value: 0
      objectReference: {fileID: 0}
    - target: {fileID: 1813615781843841447, guid: cf6143f9e3ba9234dad8500f9f67eb00,
        type: 3}
      propertyPath: m_LocalPosition.y
      value: 0
      objectReference: {fileID: 0}
    - target: {fileID: 1813615781843841447, guid: cf6143f9e3ba9234dad8500f9f67eb00,
        type: 3}
      propertyPath: m_LocalPosition.z
      value: 0
      objectReference: {fileID: 0}
    - target: {fileID: 1813615781843841447, guid: cf6143f9e3ba9234dad8500f9f67eb00,
        type: 3}
      propertyPath: m_LocalRotation.x
      value: -0
      objectReference: {fileID: 0}
    - target: {fileID: 1813615781843841447, guid: cf6143f9e3ba9234dad8500f9f67eb00,
        type: 3}
      propertyPath: m_LocalRotation.y
      value: -0
      objectReference: {fileID: 0}
    - target: {fileID: 1813615781843841447, guid: cf6143f9e3ba9234dad8500f9f67eb00,
        type: 3}
      propertyPath: m_LocalRotation.z
      value: -0
      objectReference: {fileID: 0}
    - target: {fileID: 1813615781843841447, guid: cf6143f9e3ba9234dad8500f9f67eb00,
        type: 3}
      propertyPath: m_LocalRotation.w
      value: 1
      objectReference: {fileID: 0}
    - target: {fileID: 1813615781843841447, guid: cf6143f9e3ba9234dad8500f9f67eb00,
        type: 3}
      propertyPath: m_RootOrder
      value: 0
      objectReference: {fileID: 0}
    - target: {fileID: 1813615781843841447, guid: cf6143f9e3ba9234dad8500f9f67eb00,
        type: 3}
      propertyPath: m_LocalEulerAnglesHint.x
      value: 0
      objectReference: {fileID: 0}
    - target: {fileID: 1813615781843841447, guid: cf6143f9e3ba9234dad8500f9f67eb00,
        type: 3}
      propertyPath: m_LocalEulerAnglesHint.y
      value: 0
      objectReference: {fileID: 0}
    - target: {fileID: 1813615781843841447, guid: cf6143f9e3ba9234dad8500f9f67eb00,
        type: 3}
      propertyPath: m_LocalEulerAnglesHint.z
      value: 0
      objectReference: {fileID: 0}
    - target: {fileID: 2292537956221424430, guid: cf6143f9e3ba9234dad8500f9f67eb00,
        type: 3}
      propertyPath: m_Controller
      value: 
      objectReference: {fileID: 9100000, guid: aca00bb86d694374684ebe59c656a440, type: 2}
    - target: {fileID: 6915098932845818430, guid: cf6143f9e3ba9234dad8500f9f67eb00,
        type: 3}
      propertyPath: m_Name
      value: Deco1
      objectReference: {fileID: 0}
    m_RemovedComponents: []
  m_SourcePrefab: {fileID: 100100000, guid: cf6143f9e3ba9234dad8500f9f67eb00, type: 3}
--- !u!1001 &527559016
PrefabInstance:
  m_ObjectHideFlags: 0
  serializedVersion: 2
  m_Modification:
    m_TransformParent: {fileID: 44414340}
    m_Modifications:
    - target: {fileID: 1706115032290065679, guid: 7e8d058ecc6bb7241aefae1fe837b6c5,
        type: 3}
      propertyPath: m_Name
      value: Flower
      objectReference: {fileID: 0}
    - target: {fileID: 8039342000117561860, guid: 7e8d058ecc6bb7241aefae1fe837b6c5,
        type: 3}
      propertyPath: m_LocalPosition.x
      value: 5
      objectReference: {fileID: 0}
    - target: {fileID: 8039342000117561860, guid: 7e8d058ecc6bb7241aefae1fe837b6c5,
        type: 3}
      propertyPath: m_LocalPosition.y
      value: 0
      objectReference: {fileID: 0}
    - target: {fileID: 8039342000117561860, guid: 7e8d058ecc6bb7241aefae1fe837b6c5,
        type: 3}
      propertyPath: m_LocalPosition.z
      value: 0
      objectReference: {fileID: 0}
    - target: {fileID: 8039342000117561860, guid: 7e8d058ecc6bb7241aefae1fe837b6c5,
        type: 3}
      propertyPath: m_LocalRotation.x
      value: -0
      objectReference: {fileID: 0}
    - target: {fileID: 8039342000117561860, guid: 7e8d058ecc6bb7241aefae1fe837b6c5,
        type: 3}
      propertyPath: m_LocalRotation.y
      value: -0
      objectReference: {fileID: 0}
    - target: {fileID: 8039342000117561860, guid: 7e8d058ecc6bb7241aefae1fe837b6c5,
        type: 3}
      propertyPath: m_LocalRotation.z
      value: -0
      objectReference: {fileID: 0}
    - target: {fileID: 8039342000117561860, guid: 7e8d058ecc6bb7241aefae1fe837b6c5,
        type: 3}
      propertyPath: m_LocalRotation.w
      value: 1
      objectReference: {fileID: 0}
    - target: {fileID: 8039342000117561860, guid: 7e8d058ecc6bb7241aefae1fe837b6c5,
        type: 3}
      propertyPath: m_RootOrder
      value: 4
      objectReference: {fileID: 0}
    - target: {fileID: 8039342000117561860, guid: 7e8d058ecc6bb7241aefae1fe837b6c5,
        type: 3}
      propertyPath: m_LocalEulerAnglesHint.x
      value: 0
      objectReference: {fileID: 0}
    - target: {fileID: 8039342000117561860, guid: 7e8d058ecc6bb7241aefae1fe837b6c5,
        type: 3}
      propertyPath: m_LocalEulerAnglesHint.y
      value: 0
      objectReference: {fileID: 0}
    - target: {fileID: 8039342000117561860, guid: 7e8d058ecc6bb7241aefae1fe837b6c5,
        type: 3}
      propertyPath: m_LocalEulerAnglesHint.z
      value: 0
      objectReference: {fileID: 0}
    m_RemovedComponents: []
  m_SourcePrefab: {fileID: 100100000, guid: 7e8d058ecc6bb7241aefae1fe837b6c5, type: 3}
--- !u!4 &527559017 stripped
Transform:
  m_CorrespondingSourceObject: {fileID: 8039342000117561860, guid: 7e8d058ecc6bb7241aefae1fe837b6c5,
    type: 3}
  m_PrefabInstance: {fileID: 527559016}
  m_PrefabAsset: {fileID: 0}
--- !u!1001 &806122625
PrefabInstance:
  m_ObjectHideFlags: 0
  serializedVersion: 2
  m_Modification:
    m_TransformParent: {fileID: 44414340}
    m_Modifications:
    - target: {fileID: 1659326908257251831, guid: 1b4b81b997a7c64489b02a4be2651cd2,
        type: 3}
      propertyPath: m_LocalPosition.x
      value: 10
      objectReference: {fileID: 0}
    - target: {fileID: 1659326908257251831, guid: 1b4b81b997a7c64489b02a4be2651cd2,
        type: 3}
      propertyPath: m_LocalPosition.y
      value: 0
      objectReference: {fileID: 0}
    - target: {fileID: 1659326908257251831, guid: 1b4b81b997a7c64489b02a4be2651cd2,
        type: 3}
      propertyPath: m_LocalPosition.z
      value: 0
      objectReference: {fileID: 0}
    - target: {fileID: 1659326908257251831, guid: 1b4b81b997a7c64489b02a4be2651cd2,
        type: 3}
      propertyPath: m_LocalRotation.x
      value: -0
      objectReference: {fileID: 0}
    - target: {fileID: 1659326908257251831, guid: 1b4b81b997a7c64489b02a4be2651cd2,
        type: 3}
      propertyPath: m_LocalRotation.y
      value: -0
      objectReference: {fileID: 0}
    - target: {fileID: 1659326908257251831, guid: 1b4b81b997a7c64489b02a4be2651cd2,
        type: 3}
      propertyPath: m_LocalRotation.z
      value: -0
      objectReference: {fileID: 0}
    - target: {fileID: 1659326908257251831, guid: 1b4b81b997a7c64489b02a4be2651cd2,
        type: 3}
      propertyPath: m_LocalRotation.w
      value: 1
      objectReference: {fileID: 0}
    - target: {fileID: 1659326908257251831, guid: 1b4b81b997a7c64489b02a4be2651cd2,
        type: 3}
      propertyPath: m_RootOrder
      value: 5
      objectReference: {fileID: 0}
    - target: {fileID: 1659326908257251831, guid: 1b4b81b997a7c64489b02a4be2651cd2,
        type: 3}
      propertyPath: m_LocalEulerAnglesHint.x
      value: 0
      objectReference: {fileID: 0}
    - target: {fileID: 1659326908257251831, guid: 1b4b81b997a7c64489b02a4be2651cd2,
        type: 3}
      propertyPath: m_LocalEulerAnglesHint.y
      value: 0
      objectReference: {fileID: 0}
    - target: {fileID: 1659326908257251831, guid: 1b4b81b997a7c64489b02a4be2651cd2,
        type: 3}
      propertyPath: m_LocalEulerAnglesHint.z
      value: 0
      objectReference: {fileID: 0}
    - target: {fileID: 5215796350847342029, guid: 1b4b81b997a7c64489b02a4be2651cd2,
        type: 3}
      propertyPath: m_Name
      value: Another_Leaf
      objectReference: {fileID: 0}
    m_RemovedComponents: []
  m_SourcePrefab: {fileID: 100100000, guid: 1b4b81b997a7c64489b02a4be2651cd2, type: 3}
--- !u!4 &806122626 stripped
Transform:
  m_CorrespondingSourceObject: {fileID: 1659326908257251831, guid: 1b4b81b997a7c64489b02a4be2651cd2,
    type: 3}
  m_PrefabInstance: {fileID: 806122625}
  m_PrefabAsset: {fileID: 0}
--- !u!1001 &894089538
PrefabInstance:
  m_ObjectHideFlags: 0
  serializedVersion: 2
  m_Modification:
    m_TransformParent: {fileID: 1420358389}
    m_Modifications:
    - target: {fileID: 3505085964756491921, guid: 6c8e78d6a1308354086932bf97b705c1,
        type: 3}
      propertyPath: m_Name
      value: Deco7
      objectReference: {fileID: 0}
    - target: {fileID: 7499073257112749523, guid: 6c8e78d6a1308354086932bf97b705c1,
        type: 3}
      propertyPath: m_LocalPosition.x
      value: -0.05
      objectReference: {fileID: 0}
    - target: {fileID: 7499073257112749523, guid: 6c8e78d6a1308354086932bf97b705c1,
        type: 3}
      propertyPath: m_LocalPosition.y
      value: -2.94
      objectReference: {fileID: 0}
    - target: {fileID: 7499073257112749523, guid: 6c8e78d6a1308354086932bf97b705c1,
        type: 3}
      propertyPath: m_LocalPosition.z
      value: 0
      objectReference: {fileID: 0}
    - target: {fileID: 7499073257112749523, guid: 6c8e78d6a1308354086932bf97b705c1,
        type: 3}
      propertyPath: m_LocalRotation.x
      value: 0
      objectReference: {fileID: 0}
    - target: {fileID: 7499073257112749523, guid: 6c8e78d6a1308354086932bf97b705c1,
        type: 3}
      propertyPath: m_LocalRotation.y
      value: 0
      objectReference: {fileID: 0}
    - target: {fileID: 7499073257112749523, guid: 6c8e78d6a1308354086932bf97b705c1,
        type: 3}
      propertyPath: m_LocalRotation.z
      value: 0
      objectReference: {fileID: 0}
    - target: {fileID: 7499073257112749523, guid: 6c8e78d6a1308354086932bf97b705c1,
        type: 3}
      propertyPath: m_LocalRotation.w
      value: 1
      objectReference: {fileID: 0}
    - target: {fileID: 7499073257112749523, guid: 6c8e78d6a1308354086932bf97b705c1,
        type: 3}
      propertyPath: m_RootOrder
      value: 6
      objectReference: {fileID: 0}
    - target: {fileID: 7499073257112749523, guid: 6c8e78d6a1308354086932bf97b705c1,
        type: 3}
      propertyPath: m_LocalEulerAnglesHint.x
      value: 0
      objectReference: {fileID: 0}
    - target: {fileID: 7499073257112749523, guid: 6c8e78d6a1308354086932bf97b705c1,
        type: 3}
      propertyPath: m_LocalEulerAnglesHint.y
      value: 0
      objectReference: {fileID: 0}
    - target: {fileID: 7499073257112749523, guid: 6c8e78d6a1308354086932bf97b705c1,
        type: 3}
      propertyPath: m_LocalEulerAnglesHint.z
      value: 0
      objectReference: {fileID: 0}
    m_RemovedComponents: []
  m_SourcePrefab: {fileID: 100100000, guid: 6c8e78d6a1308354086932bf97b705c1, type: 3}
--- !u!4 &894089539 stripped
Transform:
  m_CorrespondingSourceObject: {fileID: 7499073257112749523, guid: 6c8e78d6a1308354086932bf97b705c1,
    type: 3}
  m_PrefabInstance: {fileID: 894089538}
  m_PrefabAsset: {fileID: 0}
--- !u!1001 &1145384977
PrefabInstance:
  m_ObjectHideFlags: 0
  serializedVersion: 2
  m_Modification:
    m_TransformParent: {fileID: 44414340}
    m_Modifications:
    - target: {fileID: 805670178687602178, guid: a38bffc90d0779242a20e1176402de6e,
        type: 3}
      propertyPath: m_LocalPosition.x
      value: -5
      objectReference: {fileID: 0}
    - target: {fileID: 805670178687602178, guid: a38bffc90d0779242a20e1176402de6e,
        type: 3}
      propertyPath: m_LocalPosition.y
      value: 0
      objectReference: {fileID: 0}
    - target: {fileID: 805670178687602178, guid: a38bffc90d0779242a20e1176402de6e,
        type: 3}
      propertyPath: m_LocalPosition.z
      value: 0
      objectReference: {fileID: 0}
    - target: {fileID: 805670178687602178, guid: a38bffc90d0779242a20e1176402de6e,
        type: 3}
      propertyPath: m_LocalRotation.x
      value: -0
      objectReference: {fileID: 0}
    - target: {fileID: 805670178687602178, guid: a38bffc90d0779242a20e1176402de6e,
        type: 3}
      propertyPath: m_LocalRotation.y
      value: -0
      objectReference: {fileID: 0}
    - target: {fileID: 805670178687602178, guid: a38bffc90d0779242a20e1176402de6e,
        type: 3}
      propertyPath: m_LocalRotation.z
      value: -0
      objectReference: {fileID: 0}
    - target: {fileID: 805670178687602178, guid: a38bffc90d0779242a20e1176402de6e,
        type: 3}
      propertyPath: m_LocalRotation.w
      value: 1
      objectReference: {fileID: 0}
    - target: {fileID: 805670178687602178, guid: a38bffc90d0779242a20e1176402de6e,
        type: 3}
      propertyPath: m_RootOrder
      value: 0
      objectReference: {fileID: 0}
    - target: {fileID: 805670178687602178, guid: a38bffc90d0779242a20e1176402de6e,
        type: 3}
      propertyPath: m_LocalEulerAnglesHint.x
      value: 0
      objectReference: {fileID: 0}
    - target: {fileID: 805670178687602178, guid: a38bffc90d0779242a20e1176402de6e,
        type: 3}
      propertyPath: m_LocalEulerAnglesHint.y
      value: 0
      objectReference: {fileID: 0}
    - target: {fileID: 805670178687602178, guid: a38bffc90d0779242a20e1176402de6e,
        type: 3}
      propertyPath: m_LocalEulerAnglesHint.z
      value: 0
      objectReference: {fileID: 0}
    - target: {fileID: 805670178687602178, guid: a38bffc90d0779242a20e1176402de6e,
        type: 3}
      propertyPath: m_LocalScale.x
      value: 0.3
      objectReference: {fileID: 0}
    - target: {fileID: 805670178687602178, guid: a38bffc90d0779242a20e1176402de6e,
        type: 3}
      propertyPath: m_LocalScale.y
      value: 0.3
      objectReference: {fileID: 0}
    - target: {fileID: 805670178687602178, guid: a38bffc90d0779242a20e1176402de6e,
        type: 3}
      propertyPath: m_LocalScale.z
      value: 0.3
      objectReference: {fileID: 0}
    - target: {fileID: 2741016329774303033, guid: a38bffc90d0779242a20e1176402de6e,
        type: 3}
      propertyPath: m_Name
      value: Leaves
      objectReference: {fileID: 0}
    - target: {fileID: 2960194867821127361, guid: a38bffc90d0779242a20e1176402de6e,
        type: 3}
      propertyPath: m_Name
      value: Line
      objectReference: {fileID: 0}
    - target: {fileID: 5725864807789518113, guid: a38bffc90d0779242a20e1176402de6e,
        type: 3}
      propertyPath: m_Name
      value: Color
      objectReference: {fileID: 0}
    m_RemovedComponents: []
  m_SourcePrefab: {fileID: 100100000, guid: a38bffc90d0779242a20e1176402de6e, type: 3}
--- !u!4 &1145384978 stripped
Transform:
  m_CorrespondingSourceObject: {fileID: 805670178687602178, guid: a38bffc90d0779242a20e1176402de6e,
    type: 3}
  m_PrefabInstance: {fileID: 1145384977}
  m_PrefabAsset: {fileID: 0}
--- !u!1001 &1365214519
PrefabInstance:
  m_ObjectHideFlags: 0
  serializedVersion: 2
  m_Modification:
    m_TransformParent: {fileID: 0}
    m_Modifications:
    - target: {fileID: 50802573579976054, guid: f4014d02d83ad0a4ab9c92679bae22f6,
        type: 3}
      propertyPath: m_LocalPosition.x
      value: 0
      objectReference: {fileID: 0}
    - target: {fileID: 50802573579976054, guid: f4014d02d83ad0a4ab9c92679bae22f6,
        type: 3}
      propertyPath: m_LocalPosition.y
      value: 0
      objectReference: {fileID: 0}
    - target: {fileID: 50802573579976054, guid: f4014d02d83ad0a4ab9c92679bae22f6,
        type: 3}
      propertyPath: m_LocalPosition.z
      value: 0
      objectReference: {fileID: 0}
    - target: {fileID: 50802573579976054, guid: f4014d02d83ad0a4ab9c92679bae22f6,
        type: 3}
      propertyPath: m_LocalRotation.x
      value: 0
      objectReference: {fileID: 0}
    - target: {fileID: 50802573579976054, guid: f4014d02d83ad0a4ab9c92679bae22f6,
        type: 3}
      propertyPath: m_LocalRotation.y
      value: 0
      objectReference: {fileID: 0}
    - target: {fileID: 50802573579976054, guid: f4014d02d83ad0a4ab9c92679bae22f6,
        type: 3}
      propertyPath: m_LocalRotation.z
      value: 0
      objectReference: {fileID: 0}
    - target: {fileID: 50802573579976054, guid: f4014d02d83ad0a4ab9c92679bae22f6,
        type: 3}
      propertyPath: m_LocalRotation.w
      value: 1
      objectReference: {fileID: 0}
    - target: {fileID: 50802573579976054, guid: f4014d02d83ad0a4ab9c92679bae22f6,
        type: 3}
      propertyPath: m_RootOrder
      value: 4
      objectReference: {fileID: 0}
    - target: {fileID: 50802573579976054, guid: f4014d02d83ad0a4ab9c92679bae22f6,
        type: 3}
      propertyPath: m_LocalEulerAnglesHint.x
      value: 0
      objectReference: {fileID: 0}
    - target: {fileID: 50802573579976054, guid: f4014d02d83ad0a4ab9c92679bae22f6,
        type: 3}
      propertyPath: m_LocalEulerAnglesHint.y
      value: 0
      objectReference: {fileID: 0}
    - target: {fileID: 50802573579976054, guid: f4014d02d83ad0a4ab9c92679bae22f6,
        type: 3}
      propertyPath: m_LocalEulerAnglesHint.z
      value: 0
      objectReference: {fileID: 0}
    - target: {fileID: 50802573579976055, guid: f4014d02d83ad0a4ab9c92679bae22f6,
        type: 3}
      propertyPath: m_Name
      value: Cadre
      objectReference: {fileID: 0}
    - target: {fileID: 2708784824330134862, guid: f4014d02d83ad0a4ab9c92679bae22f6,
        type: 3}
      propertyPath: m_LocalPosition.y
      value: -0.11
      objectReference: {fileID: 0}
    - target: {fileID: 4321819387714864960, guid: f4014d02d83ad0a4ab9c92679bae22f6,
        type: 3}
      propertyPath: m_Color.r
      value: 0.23529413
      objectReference: {fileID: 0}
    - target: {fileID: 4321819387714864960, guid: f4014d02d83ad0a4ab9c92679bae22f6,
        type: 3}
      propertyPath: m_Color.g
      value: 0.21960786
      objectReference: {fileID: 0}
    - target: {fileID: 4321819387714864960, guid: f4014d02d83ad0a4ab9c92679bae22f6,
        type: 3}
      propertyPath: m_Color.b
      value: 0.18431373
      objectReference: {fileID: 0}
    - target: {fileID: 4870304483518287614, guid: f4014d02d83ad0a4ab9c92679bae22f6,
        type: 3}
      propertyPath: m_LocalRotation.z
      value: 1
      objectReference: {fileID: 0}
    - target: {fileID: 4870304483518287614, guid: f4014d02d83ad0a4ab9c92679bae22f6,
        type: 3}
      propertyPath: m_LocalRotation.w
      value: 0
      objectReference: {fileID: 0}
    - target: {fileID: 4870304483518287614, guid: f4014d02d83ad0a4ab9c92679bae22f6,
        type: 3}
      propertyPath: m_LocalEulerAnglesHint.z
      value: 180
      objectReference: {fileID: 0}
    - target: {fileID: 5836441589528088762, guid: f4014d02d83ad0a4ab9c92679bae22f6,
        type: 3}
      propertyPath: m_IsActive
      value: 1
      objectReference: {fileID: 0}
    - target: {fileID: 6813753594255298527, guid: f4014d02d83ad0a4ab9c92679bae22f6,
        type: 3}
      propertyPath: m_LocalRotation.z
      value: 0
      objectReference: {fileID: 0}
    - target: {fileID: 6813753594255298527, guid: f4014d02d83ad0a4ab9c92679bae22f6,
        type: 3}
      propertyPath: m_LocalRotation.w
      value: 1
      objectReference: {fileID: 0}
    - target: {fileID: 6813753594255298527, guid: f4014d02d83ad0a4ab9c92679bae22f6,
        type: 3}
      propertyPath: m_LocalEulerAnglesHint.z
      value: 0
      objectReference: {fileID: 0}
    - target: {fileID: 6969266079608040921, guid: f4014d02d83ad0a4ab9c92679bae22f6,
        type: 3}
      propertyPath: m_LocalPosition.y
      value: 0
      objectReference: {fileID: 0}
    - target: {fileID: 8047653285994913332, guid: f4014d02d83ad0a4ab9c92679bae22f6,
        type: 3}
      propertyPath: m_LocalPosition.x
      value: 0
      objectReference: {fileID: 0}
    - target: {fileID: 8047653285994913332, guid: f4014d02d83ad0a4ab9c92679bae22f6,
        type: 3}
      propertyPath: m_LocalPosition.y
      value: 0
      objectReference: {fileID: 0}
    - target: {fileID: 8265968794212638485, guid: f4014d02d83ad0a4ab9c92679bae22f6,
        type: 3}
      propertyPath: m_LocalPosition.y
      value: 0.226
      objectReference: {fileID: 0}
    - target: {fileID: 8265968794212638485, guid: f4014d02d83ad0a4ab9c92679bae22f6,
        type: 3}
      propertyPath: m_LocalPosition.x
      value: -5.988
      objectReference: {fileID: 0}
    - target: {fileID: 8265968794212638485, guid: f4014d02d83ad0a4ab9c92679bae22f6,
        type: 3}
      propertyPath: m_LocalRotation.z
      value: 0.7071068
      objectReference: {fileID: 0}
    - target: {fileID: 8265968794212638485, guid: f4014d02d83ad0a4ab9c92679bae22f6,
        type: 3}
      propertyPath: m_LocalRotation.w
      value: 0.7071068
      objectReference: {fileID: 0}
    - target: {fileID: 8265968794212638485, guid: f4014d02d83ad0a4ab9c92679bae22f6,
        type: 3}
      propertyPath: m_LocalEulerAnglesHint.z
      value: 90
      objectReference: {fileID: 0}
    - target: {fileID: 8265968794212638485, guid: f4014d02d83ad0a4ab9c92679bae22f6,
        type: 3}
      propertyPath: m_LocalRotation.x
      value: 0
      objectReference: {fileID: 0}
    - target: {fileID: 8265968794212638485, guid: f4014d02d83ad0a4ab9c92679bae22f6,
        type: 3}
      propertyPath: m_LocalRotation.y
      value: 0
      objectReference: {fileID: 0}
    m_RemovedComponents: []
  m_SourcePrefab: {fileID: 100100000, guid: f4014d02d83ad0a4ab9c92679bae22f6, type: 3}
--- !u!1 &1420358388
GameObject:
  m_ObjectHideFlags: 0
  m_CorrespondingSourceObject: {fileID: 0}
  m_PrefabInstance: {fileID: 0}
  m_PrefabAsset: {fileID: 0}
  serializedVersion: 6
  m_Component:
  - component: {fileID: 1420358389}
  m_Layer: 0
  m_Name: Decorations
  m_TagString: Untagged
  m_Icon: {fileID: 0}
  m_NavMeshLayer: 0
  m_StaticEditorFlags: 0
  m_IsActive: 0
--- !u!4 &1420358389
Transform:
  m_ObjectHideFlags: 0
  m_CorrespondingSourceObject: {fileID: 0}
  m_PrefabInstance: {fileID: 0}
  m_PrefabAsset: {fileID: 0}
  m_GameObject: {fileID: 1420358388}
  m_LocalRotation: {x: 0, y: 0, z: 0, w: 1}
  m_LocalPosition: {x: 0, y: 0, z: 0}
  m_LocalScale: {x: 1, y: 1, z: 1}
  m_Children:
  - {fileID: 2141115178}
  - {fileID: 6803814630472360346}
  - {fileID: 3107379106062296786}
  - {fileID: 5216061839882604013}
  - {fileID: 6382634751958776184}
  - {fileID: 6650556441479328936}
  - {fileID: 894089539}
  - {fileID: 7178359127802253355}
  - {fileID: 4014844490319439847}
  - {fileID: 4801190715790115223}
  m_Father: {fileID: 0}
  m_RootOrder: 3
  m_LocalEulerAnglesHint: {x: 0, y: 0, z: 0}
--- !u!1 &2108030526
GameObject:
  m_ObjectHideFlags: 0
  m_CorrespondingSourceObject: {fileID: 0}
  m_PrefabInstance: {fileID: 0}
  m_PrefabAsset: {fileID: 0}
  serializedVersion: 6
  m_Component:
  - component: {fileID: 2108030528}
  - component: {fileID: 2108030527}
  m_Layer: 0
  m_Name: GameManager
  m_TagString: Untagged
  m_Icon: {fileID: 0}
  m_NavMeshLayer: 0
  m_StaticEditorFlags: 0
  m_IsActive: 1
--- !u!114 &2108030527
MonoBehaviour:
  m_ObjectHideFlags: 0
  m_CorrespondingSourceObject: {fileID: 0}
  m_PrefabInstance: {fileID: 0}
  m_PrefabAsset: {fileID: 0}
  m_GameObject: {fileID: 2108030526}
  m_Enabled: 1
  m_EditorHideFlags: 0
  m_Script: {fileID: 11500000, guid: 2edb3057d4f209a479bd1eafaa63c205, type: 3}
  m_Name: 
  m_EditorClassIdentifier: 
--- !u!4 &2108030528
Transform:
  m_ObjectHideFlags: 0
  m_CorrespondingSourceObject: {fileID: 0}
  m_PrefabInstance: {fileID: 0}
  m_PrefabAsset: {fileID: 0}
  m_GameObject: {fileID: 2108030526}
  m_LocalRotation: {x: 0, y: 0, z: 0, w: 1}
  m_LocalPosition: {x: 0, y: 0, z: 0}
  m_LocalScale: {x: 1, y: 1, z: 1}
  m_Children: []
  m_Father: {fileID: 0}
  m_RootOrder: 1
  m_LocalEulerAnglesHint: {x: 0, y: 0, z: 0}
--- !u!4 &2141115178 stripped
Transform:
  m_CorrespondingSourceObject: {fileID: 1813615781843841447, guid: cf6143f9e3ba9234dad8500f9f67eb00,
    type: 3}
  m_PrefabInstance: {fileID: 407809985}
  m_PrefabAsset: {fileID: 0}
--- !u!1001 &538410008908323183
PrefabInstance:
  m_ObjectHideFlags: 0
  serializedVersion: 2
  m_Modification:
    m_TransformParent: {fileID: 1420358389}
    m_Modifications:
    - target: {fileID: 5033212973526292728, guid: be5f94558a6cc0b4e8c7d21a2b18a42b,
        type: 3}
      propertyPath: m_LocalPosition.x
      value: 20.17293
      objectReference: {fileID: 0}
    - target: {fileID: 5033212973526292728, guid: be5f94558a6cc0b4e8c7d21a2b18a42b,
        type: 3}
      propertyPath: m_LocalPosition.y
      value: -0.25698233
      objectReference: {fileID: 0}
    - target: {fileID: 5033212973526292728, guid: be5f94558a6cc0b4e8c7d21a2b18a42b,
        type: 3}
      propertyPath: m_LocalPosition.z
      value: 0
      objectReference: {fileID: 0}
    - target: {fileID: 5033212973526292728, guid: be5f94558a6cc0b4e8c7d21a2b18a42b,
        type: 3}
      propertyPath: m_LocalRotation.x
      value: -0
      objectReference: {fileID: 0}
    - target: {fileID: 5033212973526292728, guid: be5f94558a6cc0b4e8c7d21a2b18a42b,
        type: 3}
      propertyPath: m_LocalRotation.y
      value: -0
      objectReference: {fileID: 0}
    - target: {fileID: 5033212973526292728, guid: be5f94558a6cc0b4e8c7d21a2b18a42b,
        type: 3}
      propertyPath: m_LocalRotation.z
      value: -0
      objectReference: {fileID: 0}
    - target: {fileID: 5033212973526292728, guid: be5f94558a6cc0b4e8c7d21a2b18a42b,
        type: 3}
      propertyPath: m_LocalRotation.w
      value: 1
      objectReference: {fileID: 0}
    - target: {fileID: 5033212973526292728, guid: be5f94558a6cc0b4e8c7d21a2b18a42b,
        type: 3}
      propertyPath: m_RootOrder
      value: 9
      objectReference: {fileID: 0}
    - target: {fileID: 5033212973526292728, guid: be5f94558a6cc0b4e8c7d21a2b18a42b,
        type: 3}
      propertyPath: m_LocalEulerAnglesHint.x
      value: 0
      objectReference: {fileID: 0}
    - target: {fileID: 5033212973526292728, guid: be5f94558a6cc0b4e8c7d21a2b18a42b,
        type: 3}
      propertyPath: m_LocalEulerAnglesHint.y
      value: 0
      objectReference: {fileID: 0}
    - target: {fileID: 5033212973526292728, guid: be5f94558a6cc0b4e8c7d21a2b18a42b,
        type: 3}
      propertyPath: m_LocalEulerAnglesHint.z
      value: 0
      objectReference: {fileID: 0}
    - target: {fileID: 7239172220804083194, guid: be5f94558a6cc0b4e8c7d21a2b18a42b,
        type: 3}
      propertyPath: m_Name
      value: Deco10
      objectReference: {fileID: 0}
    m_RemovedComponents: []
  m_SourcePrefab: {fileID: 100100000, guid: be5f94558a6cc0b4e8c7d21a2b18a42b, type: 3}
--- !u!1001 &1306728796955295199
PrefabInstance:
  m_ObjectHideFlags: 0
  serializedVersion: 2
  m_Modification:
    m_TransformParent: {fileID: 1420358389}
    m_Modifications:
    - target: {fileID: 5085998550671380424, guid: f6221df84038cfb4d8417d4c43faf5d1,
        type: 3}
      propertyPath: m_Name
      value: Deco6
      objectReference: {fileID: 0}
    - target: {fileID: 5650305807716485495, guid: f6221df84038cfb4d8417d4c43faf5d1,
        type: 3}
      propertyPath: m_LocalPosition.x
      value: -2.4
      objectReference: {fileID: 0}
    - target: {fileID: 5650305807716485495, guid: f6221df84038cfb4d8417d4c43faf5d1,
        type: 3}
      propertyPath: m_LocalPosition.y
      value: 0
      objectReference: {fileID: 0}
    - target: {fileID: 5650305807716485495, guid: f6221df84038cfb4d8417d4c43faf5d1,
        type: 3}
      propertyPath: m_LocalPosition.z
      value: 0
      objectReference: {fileID: 0}
    - target: {fileID: 5650305807716485495, guid: f6221df84038cfb4d8417d4c43faf5d1,
        type: 3}
      propertyPath: m_LocalRotation.x
      value: -0
      objectReference: {fileID: 0}
    - target: {fileID: 5650305807716485495, guid: f6221df84038cfb4d8417d4c43faf5d1,
        type: 3}
      propertyPath: m_LocalRotation.y
      value: -0
      objectReference: {fileID: 0}
    - target: {fileID: 5650305807716485495, guid: f6221df84038cfb4d8417d4c43faf5d1,
        type: 3}
      propertyPath: m_LocalRotation.z
      value: -0
      objectReference: {fileID: 0}
    - target: {fileID: 5650305807716485495, guid: f6221df84038cfb4d8417d4c43faf5d1,
        type: 3}
      propertyPath: m_LocalRotation.w
      value: 1
      objectReference: {fileID: 0}
    - target: {fileID: 5650305807716485495, guid: f6221df84038cfb4d8417d4c43faf5d1,
        type: 3}
      propertyPath: m_RootOrder
      value: 5
      objectReference: {fileID: 0}
    - target: {fileID: 5650305807716485495, guid: f6221df84038cfb4d8417d4c43faf5d1,
        type: 3}
      propertyPath: m_LocalEulerAnglesHint.x
      value: 0
      objectReference: {fileID: 0}
    - target: {fileID: 5650305807716485495, guid: f6221df84038cfb4d8417d4c43faf5d1,
        type: 3}
      propertyPath: m_LocalEulerAnglesHint.y
      value: 0
      objectReference: {fileID: 0}
    - target: {fileID: 5650305807716485495, guid: f6221df84038cfb4d8417d4c43faf5d1,
        type: 3}
      propertyPath: m_LocalEulerAnglesHint.z
      value: 0
      objectReference: {fileID: 0}
    m_RemovedComponents: []
  m_SourcePrefab: {fileID: 100100000, guid: f6221df84038cfb4d8417d4c43faf5d1, type: 3}
--- !u!1001 &2040062508006266114
PrefabInstance:
  m_ObjectHideFlags: 0
  serializedVersion: 2
  m_Modification:
    m_TransformParent: {fileID: 1420358389}
    m_Modifications:
    - target: {fileID: 3641577691370588246, guid: 5ce08bef0b69c49458f77532cda31d1c,
        type: 3}
      propertyPath: m_Name
      value: Deco8
      objectReference: {fileID: 0}
    - target: {fileID: 9210254394171868457, guid: 5ce08bef0b69c49458f77532cda31d1c,
        type: 3}
      propertyPath: m_LocalPosition.x
      value: 13.14
      objectReference: {fileID: 0}
    - target: {fileID: 9210254394171868457, guid: 5ce08bef0b69c49458f77532cda31d1c,
        type: 3}
      propertyPath: m_LocalPosition.y
      value: 0
      objectReference: {fileID: 0}
    - target: {fileID: 9210254394171868457, guid: 5ce08bef0b69c49458f77532cda31d1c,
        type: 3}
      propertyPath: m_LocalPosition.z
      value: 0
      objectReference: {fileID: 0}
    - target: {fileID: 9210254394171868457, guid: 5ce08bef0b69c49458f77532cda31d1c,
        type: 3}
      propertyPath: m_LocalRotation.x
      value: 0
      objectReference: {fileID: 0}
    - target: {fileID: 9210254394171868457, guid: 5ce08bef0b69c49458f77532cda31d1c,
        type: 3}
      propertyPath: m_LocalRotation.y
      value: 0
      objectReference: {fileID: 0}
    - target: {fileID: 9210254394171868457, guid: 5ce08bef0b69c49458f77532cda31d1c,
        type: 3}
      propertyPath: m_LocalRotation.z
      value: 0
      objectReference: {fileID: 0}
    - target: {fileID: 9210254394171868457, guid: 5ce08bef0b69c49458f77532cda31d1c,
        type: 3}
      propertyPath: m_LocalRotation.w
      value: 1
      objectReference: {fileID: 0}
    - target: {fileID: 9210254394171868457, guid: 5ce08bef0b69c49458f77532cda31d1c,
        type: 3}
      propertyPath: m_RootOrder
      value: 7
      objectReference: {fileID: 0}
    - target: {fileID: 9210254394171868457, guid: 5ce08bef0b69c49458f77532cda31d1c,
        type: 3}
      propertyPath: m_LocalEulerAnglesHint.x
      value: 0
      objectReference: {fileID: 0}
    - target: {fileID: 9210254394171868457, guid: 5ce08bef0b69c49458f77532cda31d1c,
        type: 3}
      propertyPath: m_LocalEulerAnglesHint.y
      value: 0
      objectReference: {fileID: 0}
    - target: {fileID: 9210254394171868457, guid: 5ce08bef0b69c49458f77532cda31d1c,
        type: 3}
      propertyPath: m_LocalEulerAnglesHint.z
      value: 0
      objectReference: {fileID: 0}
    m_RemovedComponents: []
  m_SourcePrefab: {fileID: 100100000, guid: 5ce08bef0b69c49458f77532cda31d1c, type: 3}
--- !u!1001 &2439847684901037749
PrefabInstance:
  m_ObjectHideFlags: 0
  serializedVersion: 2
  m_Modification:
    m_TransformParent: {fileID: 1420358389}
    m_Modifications:
    - target: {fileID: 2439847684218543615, guid: 5a5473c05ed8ba444b14f1ed09c31143,
        type: 3}
      propertyPath: m_Controller
      value: 
      objectReference: {fileID: 9100000, guid: aca00bb86d694374684ebe59c656a440, type: 2}
    - target: {fileID: 5013793266992454400, guid: 5a5473c05ed8ba444b14f1ed09c31143,
        type: 3}
      propertyPath: m_Name
      value: Deco2
      objectReference: {fileID: 0}
    - target: {fileID: 9200878027494180655, guid: 5a5473c05ed8ba444b14f1ed09c31143,
        type: 3}
      propertyPath: m_LocalPosition.x
      value: 2.44
      objectReference: {fileID: 0}
    - target: {fileID: 9200878027494180655, guid: 5a5473c05ed8ba444b14f1ed09c31143,
        type: 3}
      propertyPath: m_LocalPosition.y
      value: 0
      objectReference: {fileID: 0}
    - target: {fileID: 9200878027494180655, guid: 5a5473c05ed8ba444b14f1ed09c31143,
        type: 3}
      propertyPath: m_LocalPosition.z
      value: 0
      objectReference: {fileID: 0}
    - target: {fileID: 9200878027494180655, guid: 5a5473c05ed8ba444b14f1ed09c31143,
        type: 3}
      propertyPath: m_LocalRotation.x
      value: -0
      objectReference: {fileID: 0}
    - target: {fileID: 9200878027494180655, guid: 5a5473c05ed8ba444b14f1ed09c31143,
        type: 3}
      propertyPath: m_LocalRotation.y
      value: -0
      objectReference: {fileID: 0}
    - target: {fileID: 9200878027494180655, guid: 5a5473c05ed8ba444b14f1ed09c31143,
        type: 3}
      propertyPath: m_LocalRotation.z
      value: -0
      objectReference: {fileID: 0}
    - target: {fileID: 9200878027494180655, guid: 5a5473c05ed8ba444b14f1ed09c31143,
        type: 3}
      propertyPath: m_LocalRotation.w
      value: 1
      objectReference: {fileID: 0}
    - target: {fileID: 9200878027494180655, guid: 5a5473c05ed8ba444b14f1ed09c31143,
        type: 3}
      propertyPath: m_RootOrder
      value: 1
      objectReference: {fileID: 0}
    - target: {fileID: 9200878027494180655, guid: 5a5473c05ed8ba444b14f1ed09c31143,
        type: 3}
      propertyPath: m_LocalEulerAnglesHint.x
      value: 0
      objectReference: {fileID: 0}
    - target: {fileID: 9200878027494180655, guid: 5a5473c05ed8ba444b14f1ed09c31143,
        type: 3}
      propertyPath: m_LocalEulerAnglesHint.y
      value: 0
      objectReference: {fileID: 0}
    - target: {fileID: 9200878027494180655, guid: 5a5473c05ed8ba444b14f1ed09c31143,
        type: 3}
      propertyPath: m_LocalEulerAnglesHint.z
      value: 0
      objectReference: {fileID: 0}
    m_RemovedComponents: []
  m_SourcePrefab: {fileID: 100100000, guid: 5a5473c05ed8ba444b14f1ed09c31143, type: 3}
--- !u!1001 &2522801106511407940
PrefabInstance:
  m_ObjectHideFlags: 0
  serializedVersion: 2
  m_Modification:
    m_TransformParent: {fileID: 1420358389}
    m_Modifications:
    - target: {fileID: 2522801105730179734, guid: a28d0ade733093c4da7b29e21fc8af4a,
        type: 3}
      propertyPath: m_Controller
      value: 
      objectReference: {fileID: 9100000, guid: ddaac3726814e2d4d9fe602d06c63c7d, type: 2}
    - target: {fileID: 4244437543722641603, guid: a28d0ade733093c4da7b29e21fc8af4a,
        type: 3}
      propertyPath: m_LocalRotation.x
      value: 0
      objectReference: {fileID: 0}
    - target: {fileID: 4244437543722641603, guid: a28d0ade733093c4da7b29e21fc8af4a,
        type: 3}
      propertyPath: m_LocalRotation.y
      value: 0
      objectReference: {fileID: 0}
    - target: {fileID: 4244437543722641603, guid: a28d0ade733093c4da7b29e21fc8af4a,
        type: 3}
      propertyPath: m_LocalRotation.z
      value: -0.00478416
      objectReference: {fileID: 0}
    - target: {fileID: 4244437543722641603, guid: a28d0ade733093c4da7b29e21fc8af4a,
        type: 3}
      propertyPath: m_LocalRotation.w
      value: 0.99998856
      objectReference: {fileID: 0}
    - target: {fileID: 4244437543722641603, guid: a28d0ade733093c4da7b29e21fc8af4a,
        type: 3}
      propertyPath: m_LocalEulerAnglesHint.z
      value: 0
      objectReference: {fileID: 0}
    - target: {fileID: 4425054324527880231, guid: a28d0ade733093c4da7b29e21fc8af4a,
        type: 3}
      propertyPath: m_LocalRotation.x
      value: 0
      objectReference: {fileID: 0}
    - target: {fileID: 4425054324527880231, guid: a28d0ade733093c4da7b29e21fc8af4a,
        type: 3}
      propertyPath: m_LocalRotation.y
      value: 0
      objectReference: {fileID: 0}
    - target: {fileID: 4425054324527880231, guid: a28d0ade733093c4da7b29e21fc8af4a,
        type: 3}
      propertyPath: m_LocalRotation.z
      value: 0.7105645
      objectReference: {fileID: 0}
    - target: {fileID: 4425054324527880231, guid: a28d0ade733093c4da7b29e21fc8af4a,
        type: 3}
      propertyPath: m_LocalRotation.w
      value: 0.7036321
      objectReference: {fileID: 0}
    - target: {fileID: 4425054324527880231, guid: a28d0ade733093c4da7b29e21fc8af4a,
        type: 3}
      propertyPath: m_LocalEulerAnglesHint.z
      value: 0
      objectReference: {fileID: 0}
    - target: {fileID: 7375037816630001376, guid: a28d0ade733093c4da7b29e21fc8af4a,
        type: 3}
      propertyPath: m_Name
      value: Deco4
      objectReference: {fileID: 0}
    - target: {fileID: 7737719239535978153, guid: a28d0ade733093c4da7b29e21fc8af4a,
        type: 3}
      propertyPath: m_LocalPosition.x
      value: 10
      objectReference: {fileID: 0}
    - target: {fileID: 7737719239535978153, guid: a28d0ade733093c4da7b29e21fc8af4a,
        type: 3}
      propertyPath: m_LocalPosition.y
      value: 0
      objectReference: {fileID: 0}
    - target: {fileID: 7737719239535978153, guid: a28d0ade733093c4da7b29e21fc8af4a,
        type: 3}
      propertyPath: m_LocalPosition.z
      value: 0
      objectReference: {fileID: 0}
    - target: {fileID: 7737719239535978153, guid: a28d0ade733093c4da7b29e21fc8af4a,
        type: 3}
      propertyPath: m_LocalRotation.x
      value: -0
      objectReference: {fileID: 0}
    - target: {fileID: 7737719239535978153, guid: a28d0ade733093c4da7b29e21fc8af4a,
        type: 3}
      propertyPath: m_LocalRotation.y
      value: -0
      objectReference: {fileID: 0}
    - target: {fileID: 7737719239535978153, guid: a28d0ade733093c4da7b29e21fc8af4a,
        type: 3}
      propertyPath: m_LocalRotation.z
      value: -0
      objectReference: {fileID: 0}
    - target: {fileID: 7737719239535978153, guid: a28d0ade733093c4da7b29e21fc8af4a,
        type: 3}
      propertyPath: m_LocalRotation.w
      value: 1
      objectReference: {fileID: 0}
    - target: {fileID: 7737719239535978153, guid: a28d0ade733093c4da7b29e21fc8af4a,
        type: 3}
      propertyPath: m_RootOrder
      value: 3
      objectReference: {fileID: 0}
    - target: {fileID: 7737719239535978153, guid: a28d0ade733093c4da7b29e21fc8af4a,
        type: 3}
      propertyPath: m_LocalEulerAnglesHint.x
      value: 0
      objectReference: {fileID: 0}
    - target: {fileID: 7737719239535978153, guid: a28d0ade733093c4da7b29e21fc8af4a,
        type: 3}
      propertyPath: m_LocalEulerAnglesHint.y
      value: 0
      objectReference: {fileID: 0}
    - target: {fileID: 7737719239535978153, guid: a28d0ade733093c4da7b29e21fc8af4a,
        type: 3}
      propertyPath: m_LocalEulerAnglesHint.z
      value: 0
      objectReference: {fileID: 0}
    - target: {fileID: 7869408791963668971, guid: a28d0ade733093c4da7b29e21fc8af4a,
        type: 3}
      propertyPath: m_LocalRotation.x
      value: 0
      objectReference: {fileID: 0}
    - target: {fileID: 7869408791963668971, guid: a28d0ade733093c4da7b29e21fc8af4a,
        type: 3}
      propertyPath: m_LocalRotation.y
      value: 0
      objectReference: {fileID: 0}
    - target: {fileID: 7869408791963668971, guid: a28d0ade733093c4da7b29e21fc8af4a,
        type: 3}
      propertyPath: m_LocalRotation.z
      value: 0.031557344
      objectReference: {fileID: 0}
    - target: {fileID: 7869408791963668971, guid: a28d0ade733093c4da7b29e21fc8af4a,
        type: 3}
      propertyPath: m_LocalRotation.w
      value: 0.999502
      objectReference: {fileID: 0}
    - target: {fileID: 7869408791963668971, guid: a28d0ade733093c4da7b29e21fc8af4a,
        type: 3}
      propertyPath: m_LocalEulerAnglesHint.z
      value: 0
      objectReference: {fileID: 0}
    - target: {fileID: 8781257387636365765, guid: a28d0ade733093c4da7b29e21fc8af4a,
        type: 3}
      propertyPath: m_LocalRotation.x
      value: 0
      objectReference: {fileID: 0}
    - target: {fileID: 8781257387636365765, guid: a28d0ade733093c4da7b29e21fc8af4a,
        type: 3}
      propertyPath: m_LocalRotation.y
      value: 0
      objectReference: {fileID: 0}
    - target: {fileID: 8781257387636365765, guid: a28d0ade733093c4da7b29e21fc8af4a,
        type: 3}
      propertyPath: m_LocalRotation.z
      value: 0.005094882
      objectReference: {fileID: 0}
    - target: {fileID: 8781257387636365765, guid: a28d0ade733093c4da7b29e21fc8af4a,
        type: 3}
      propertyPath: m_LocalRotation.w
      value: 0.999987
      objectReference: {fileID: 0}
    - target: {fileID: 8781257387636365765, guid: a28d0ade733093c4da7b29e21fc8af4a,
        type: 3}
      propertyPath: m_LocalEulerAnglesHint.z
      value: 0
      objectReference: {fileID: 0}
    m_RemovedComponents: []
  m_SourcePrefab: {fileID: 100100000, guid: a28d0ade733093c4da7b29e21fc8af4a, type: 3}
--- !u!4 &3107379106062296786 stripped
Transform:
  m_CorrespondingSourceObject: {fileID: 1402866184839671449, guid: 97d67585111fe21498c77ef6606aa9f7,
    type: 3}
  m_PrefabInstance: {fileID: 4064599310113097803}
  m_PrefabAsset: {fileID: 0}
--- !u!4 &4014844490319439847 stripped
Transform:
  m_CorrespondingSourceObject: {fileID: 8199466683139940690, guid: 1877dfbcd7e858848b1e2139e4110c60,
    type: 3}
  m_PrefabInstance: {fileID: 5079440580155033269}
  m_PrefabAsset: {fileID: 0}
--- !u!1001 &4064599310113097803
PrefabInstance:
  m_ObjectHideFlags: 0
  serializedVersion: 2
  m_Modification:
    m_TransformParent: {fileID: 1420358389}
    m_Modifications:
    - target: {fileID: 1402866184839671449, guid: 97d67585111fe21498c77ef6606aa9f7,
        type: 3}
      propertyPath: m_LocalPosition.x
      value: 6.18
      objectReference: {fileID: 0}
    - target: {fileID: 1402866184839671449, guid: 97d67585111fe21498c77ef6606aa9f7,
        type: 3}
      propertyPath: m_LocalPosition.y
      value: 0
      objectReference: {fileID: 0}
    - target: {fileID: 1402866184839671449, guid: 97d67585111fe21498c77ef6606aa9f7,
        type: 3}
      propertyPath: m_LocalPosition.z
      value: 0
      objectReference: {fileID: 0}
    - target: {fileID: 1402866184839671449, guid: 97d67585111fe21498c77ef6606aa9f7,
        type: 3}
      propertyPath: m_LocalRotation.x
      value: -0
      objectReference: {fileID: 0}
    - target: {fileID: 1402866184839671449, guid: 97d67585111fe21498c77ef6606aa9f7,
        type: 3}
      propertyPath: m_LocalRotation.y
      value: -0
      objectReference: {fileID: 0}
    - target: {fileID: 1402866184839671449, guid: 97d67585111fe21498c77ef6606aa9f7,
        type: 3}
      propertyPath: m_LocalRotation.z
      value: -0
      objectReference: {fileID: 0}
    - target: {fileID: 1402866184839671449, guid: 97d67585111fe21498c77ef6606aa9f7,
        type: 3}
      propertyPath: m_LocalRotation.w
      value: 1
      objectReference: {fileID: 0}
    - target: {fileID: 1402866184839671449, guid: 97d67585111fe21498c77ef6606aa9f7,
        type: 3}
      propertyPath: m_RootOrder
      value: 2
      objectReference: {fileID: 0}
    - target: {fileID: 1402866184839671449, guid: 97d67585111fe21498c77ef6606aa9f7,
        type: 3}
      propertyPath: m_LocalEulerAnglesHint.x
      value: 0
      objectReference: {fileID: 0}
    - target: {fileID: 1402866184839671449, guid: 97d67585111fe21498c77ef6606aa9f7,
        type: 3}
      propertyPath: m_LocalEulerAnglesHint.y
      value: 0
      objectReference: {fileID: 0}
    - target: {fileID: 1402866184839671449, guid: 97d67585111fe21498c77ef6606aa9f7,
        type: 3}
      propertyPath: m_LocalEulerAnglesHint.z
      value: 0
      objectReference: {fileID: 0}
    - target: {fileID: 4046581283007871068, guid: 97d67585111fe21498c77ef6606aa9f7,
        type: 3}
      propertyPath: m_Name
      value: Deco3
      objectReference: {fileID: 0}
    m_RemovedComponents: []
  m_SourcePrefab: {fileID: 100100000, guid: 97d67585111fe21498c77ef6606aa9f7, type: 3}
--- !u!1001 &4133854122495319173
PrefabInstance:
  m_ObjectHideFlags: 0
  serializedVersion: 2
  m_Modification:
    m_TransformParent: {fileID: 1420358389}
    m_Modifications:
    - target: {fileID: 7047511168902948349, guid: e22a8d4b62c32ff43bd9148ada182a74,
        type: 3}
      propertyPath: m_LocalPosition.x
      value: -4.3999996
      objectReference: {fileID: 0}
    - target: {fileID: 7047511168902948349, guid: e22a8d4b62c32ff43bd9148ada182a74,
        type: 3}
      propertyPath: m_LocalPosition.y
      value: 0
      objectReference: {fileID: 0}
    - target: {fileID: 7047511168902948349, guid: e22a8d4b62c32ff43bd9148ada182a74,
        type: 3}
      propertyPath: m_LocalPosition.z
      value: 0
      objectReference: {fileID: 0}
    - target: {fileID: 7047511168902948349, guid: e22a8d4b62c32ff43bd9148ada182a74,
        type: 3}
      propertyPath: m_LocalRotation.x
      value: -0
      objectReference: {fileID: 0}
    - target: {fileID: 7047511168902948349, guid: e22a8d4b62c32ff43bd9148ada182a74,
        type: 3}
      propertyPath: m_LocalRotation.y
      value: -0
      objectReference: {fileID: 0}
    - target: {fileID: 7047511168902948349, guid: e22a8d4b62c32ff43bd9148ada182a74,
        type: 3}
      propertyPath: m_LocalRotation.z
      value: -0
      objectReference: {fileID: 0}
    - target: {fileID: 7047511168902948349, guid: e22a8d4b62c32ff43bd9148ada182a74,
        type: 3}
      propertyPath: m_LocalRotation.w
      value: 1
      objectReference: {fileID: 0}
    - target: {fileID: 7047511168902948349, guid: e22a8d4b62c32ff43bd9148ada182a74,
        type: 3}
      propertyPath: m_RootOrder
      value: 4
      objectReference: {fileID: 0}
    - target: {fileID: 7047511168902948349, guid: e22a8d4b62c32ff43bd9148ada182a74,
        type: 3}
      propertyPath: m_LocalEulerAnglesHint.x
      value: 0
      objectReference: {fileID: 0}
    - target: {fileID: 7047511168902948349, guid: e22a8d4b62c32ff43bd9148ada182a74,
        type: 3}
      propertyPath: m_LocalEulerAnglesHint.y
      value: 0
      objectReference: {fileID: 0}
    - target: {fileID: 7047511168902948349, guid: e22a8d4b62c32ff43bd9148ada182a74,
        type: 3}
      propertyPath: m_LocalEulerAnglesHint.z
      value: 0
      objectReference: {fileID: 0}
    - target: {fileID: 7246343913438076865, guid: e22a8d4b62c32ff43bd9148ada182a74,
        type: 3}
      propertyPath: m_Name
      value: Deco5
      objectReference: {fileID: 0}
    m_RemovedComponents: []
  m_SourcePrefab: {fileID: 100100000, guid: e22a8d4b62c32ff43bd9148ada182a74, type: 3}
--- !u!4 &4801190715790115223 stripped
Transform:
  m_CorrespondingSourceObject: {fileID: 5033212973526292728, guid: be5f94558a6cc0b4e8c7d21a2b18a42b,
    type: 3}
  m_PrefabInstance: {fileID: 538410008908323183}
  m_PrefabAsset: {fileID: 0}
--- !u!1001 &5079440580155033269
PrefabInstance:
  m_ObjectHideFlags: 0
  serializedVersion: 2
  m_Modification:
    m_TransformParent: {fileID: 1420358389}
    m_Modifications:
    - target: {fileID: 6773914341674485848, guid: 1877dfbcd7e858848b1e2139e4110c60,
        type: 3}
      propertyPath: m_Name
      value: Deco9
      objectReference: {fileID: 0}
    - target: {fileID: 8199466683139940690, guid: 1877dfbcd7e858848b1e2139e4110c60,
        type: 3}
      propertyPath: m_LocalPosition.x
      value: 17.115599
      objectReference: {fileID: 0}
    - target: {fileID: 8199466683139940690, guid: 1877dfbcd7e858848b1e2139e4110c60,
        type: 3}
      propertyPath: m_LocalPosition.y
      value: -0.57864046
      objectReference: {fileID: 0}
    - target: {fileID: 8199466683139940690, guid: 1877dfbcd7e858848b1e2139e4110c60,
        type: 3}
      propertyPath: m_LocalPosition.z
      value: 0
      objectReference: {fileID: 0}
    - target: {fileID: 8199466683139940690, guid: 1877dfbcd7e858848b1e2139e4110c60,
        type: 3}
      propertyPath: m_LocalRotation.x
      value: -0
      objectReference: {fileID: 0}
    - target: {fileID: 8199466683139940690, guid: 1877dfbcd7e858848b1e2139e4110c60,
        type: 3}
      propertyPath: m_LocalRotation.y
      value: -0
      objectReference: {fileID: 0}
    - target: {fileID: 8199466683139940690, guid: 1877dfbcd7e858848b1e2139e4110c60,
        type: 3}
      propertyPath: m_LocalRotation.z
      value: -0
      objectReference: {fileID: 0}
    - target: {fileID: 8199466683139940690, guid: 1877dfbcd7e858848b1e2139e4110c60,
        type: 3}
      propertyPath: m_LocalRotation.w
      value: 1
      objectReference: {fileID: 0}
    - target: {fileID: 8199466683139940690, guid: 1877dfbcd7e858848b1e2139e4110c60,
        type: 3}
      propertyPath: m_RootOrder
      value: 8
      objectReference: {fileID: 0}
    - target: {fileID: 8199466683139940690, guid: 1877dfbcd7e858848b1e2139e4110c60,
        type: 3}
      propertyPath: m_LocalEulerAnglesHint.x
      value: 0
      objectReference: {fileID: 0}
    - target: {fileID: 8199466683139940690, guid: 1877dfbcd7e858848b1e2139e4110c60,
        type: 3}
      propertyPath: m_LocalEulerAnglesHint.y
      value: 0
      objectReference: {fileID: 0}
    - target: {fileID: 8199466683139940690, guid: 1877dfbcd7e858848b1e2139e4110c60,
        type: 3}
      propertyPath: m_LocalEulerAnglesHint.z
      value: 0
      objectReference: {fileID: 0}
    m_RemovedComponents: []
  m_SourcePrefab: {fileID: 100100000, guid: 1877dfbcd7e858848b1e2139e4110c60, type: 3}
--- !u!4 &5216061839882604013 stripped
Transform:
  m_CorrespondingSourceObject: {fileID: 7737719239535978153, guid: a28d0ade733093c4da7b29e21fc8af4a,
    type: 3}
  m_PrefabInstance: {fileID: 2522801106511407940}
  m_PrefabAsset: {fileID: 0}
--- !u!4 &6382634751958776184 stripped
Transform:
  m_CorrespondingSourceObject: {fileID: 7047511168902948349, guid: e22a8d4b62c32ff43bd9148ada182a74,
    type: 3}
  m_PrefabInstance: {fileID: 4133854122495319173}
  m_PrefabAsset: {fileID: 0}
--- !u!4 &6650556441479328936 stripped
Transform:
  m_CorrespondingSourceObject: {fileID: 5650305807716485495, guid: f6221df84038cfb4d8417d4c43faf5d1,
    type: 3}
  m_PrefabInstance: {fileID: 1306728796955295199}
  m_PrefabAsset: {fileID: 0}
--- !u!4 &6803814630472360346 stripped
Transform:
  m_CorrespondingSourceObject: {fileID: 9200878027494180655, guid: 5a5473c05ed8ba444b14f1ed09c31143,
    type: 3}
  m_PrefabInstance: {fileID: 2439847684901037749}
  m_PrefabAsset: {fileID: 0}
--- !u!4 &7178359127802253355 stripped
Transform:
  m_CorrespondingSourceObject: {fileID: 9210254394171868457, guid: 5ce08bef0b69c49458f77532cda31d1c,
    type: 3}
  m_PrefabInstance: {fileID: 2040062508006266114}
  m_PrefabAsset: {fileID: 0}
